<?xml version="1.0" encoding="UTF-8"?><collection xmlns="http://www.loc.gov/MARC21/slim"><record><leader>00407nam--2200121-i-4500</leader><controlfield tag="001">000014400</controlfield><controlfield tag="002">20161230</controlfield><controlfield tag="005">20161230201030</controlfield><controlfield tag="008">060222s1000------------r-----000-0-eng-d</controlfield><datafield ind1=" " ind2=" " tag="080"><subfield code="a">621.039.516.4</subfield></datafield><datafield ind1=" " ind2=" " tag="245"><subfield code="a">Centres regionaux du cycle du combustible nucl eaire vol.1: rapport de synthese (1977) sur l etude de l aiea</subfield></datafield><datafield ind1=" " ind2=" " tag="260"><subfield code="a">Vienne, Agence Internationale De L Energie Ato Mique, 1977 125 P</subfield></datafield><datafield ind1=" " ind2=" " tag="852"><subfield code="a">43752</subfield></datafield></record></collection>